% %%%%%%%%%%%%%%%%%%%%%%%%%%%%%%%%%%%%%%%%%%%%%%%%%%%%%%%%%%%%%%%%%%%%%%%%%%%%%
% %%%%%%%%%%%%%%%%%%%%%%%%%%%%%%%%%%% Works Cited, Alphabetized by First Author
% %%%%%%%%%%%%%%%%%%%%%%%%%%%%%%%%%%%%%%%%%%%%%%%%%%%%%%%%%%%%%%%%%%%%%%%%%%%%%

% =============================================================================
% ===================================================================== Akasofu
% =============================================================================

@article{akasofu_1964,
	doi = {10.1016/0032-0633(64)90151-5},
	url = {http://dx.doi.org/10.1016/0032-0633(64)90151-5},
	year = 1964,
	publisher = {Elsevier {BV}},
	volume = {12},
	number = {4},
	pages = {273--282},
	author = {S.-I. Akasofu},
	title = {The development of the auroral substorm},
	journal = {Planetary and Space Science}
}

% =============================================================================
% ====================================================================== Alfven
% =============================================================================

@article{alfven_1946,
   author = {{Alfv{\'e}n}, H.},
    title = "{On the cosmogony of the solar system III}",
  journal = {Stockholms Observatoriums Annaler},
     year = 1946,
   volume = 14,
    pages = {9.1-9.29},
   adsurl = {http://adsabs.harvard.edu/abs/1946StoAn..14....9A},
  adsnote = {Provided by the SAO/NASA Astrophysics Data System}
}

% =============================================================================
% ======================================================================= Allan
% =============================================================================

@article{allan_1992,
  author={W Allan and E M Poulter},
  title={{ULF} waves-their relationship to the structure of the Earth's magnetosphere},
  journal={Reports on Progress in Physics},
  volume={55},
  number={5},
  pages={533},
  url={http://stacks.iop.org/0034-4885/55/i=5/a=001},
  year={1992},
}

% =============================================================================
% ==================================================================== Anderson
% =============================================================================

@article{anderson_1990,
  author    = "B. J. Anderson and M. J. Engebretson and S. P. Rounds and L. J. Zanetti and T. A. Potemra",
  title     = "A statistical study of {Pc} 3-5 pulsations observed by the {AMPTE}/{CCE} Magnetic Fields Experiment, 1. Occurrence distributions",
  journal   = "J. Geophys. Res.",
  year      = "1990",
  volume    = "95",
  number    = "A7",
  pages     = "10495",
  doi       = "10.1029/ja095ia07p10495",
  eprint    = "http://dx.doi.org/10.1029/ja095ia07p10495",
}

@incollection{anderson_1994,
  author    = "B. J. Anderson", 
  title     = "An Overview of Spacecraft Observations of 10s to 600s Period Magnetic Pulsations in {Earth's} Magnetosphere",
  booktitle = "Solar Wind Sources of Magnetospheric Ultra-Low-Frequency Waves",
  publisher = "American Geophysical Union",
  year      = 1994,
  editor    = "M. J. Engebretson and K. Takahashi and M. Scholer",
  volume    = "81",
  series    = "Geophys. Monogr.",
  pages     = "25-43",
  address   = "Washington, DC",
  isbn      = "0-87590-040-2"
}

% =============================================================================
% ================================================================ Angelopoulos
% =============================================================================

@article{angelopoulos_2008,
	doi = {10.1007/s11214-008-9336-1},
	url = {http://dx.doi.org/10.1007/s11214-008-9336-1},
	year = 2008,
	publisher = {Springer Science $\mathplus$ Business Media},
	volume = {141},
	number = {1-4},
	pages = {5--34},
	author = {V. Angelopoulos},
	title = {The {THEMIS} Mission},
	journal = {Space Science Reviews}
}

% =============================================================================
% ====================================================================== Arthur
% =============================================================================

@article{arthur_1981,
	doi = {10.1029/ja086ia03p01325},
	url = {http://dx.doi.org/10.1029/ja086ia03p01325},
	year = 1981,
	publisher = {Wiley-Blackwell},
	volume = {86},
	number = {A3},
	pages = {1325},
	author = {C. W. Arthur and R. L. McPherron},
	title = {The statistical character of {Pc} 4 magnetic pulsations at synchronous orbit},
	journal = {J. Geophys. Res.}
}

% =============================================================================
% =================================================================== Birkeland
% =============================================================================

@article{birkeland_1901,
  author    = "Kristian Birkeland",
  title     = "Exp{\'e}dition Norv{\'e}gienne de 1899-1900 pour l'{\'e}tude des aurores bor{\'e}ales",
  publisher = "Skr. Nor. Vidensk. Akad.",
  journal   = "Mat. Naturvidensk. Kl.",
  volume    = "KI",
  number    = "I",
  year      = "1901",
  doi       = "",
}

% =============================================================================
% ======================================================================= Boris
% =============================================================================

@article{boris_1970,
  author    = "Jay P. Boris",
  title     = "A Physically Motivated Solution of the {Alfv{\'e}n} Problem",
  journal   = "NRL Memorandum Report",
  volume    = "2167",
  year      = "1970"
}

% =============================================================================
% ====================================================================== Brekke
% =============================================================================

@article{brekke_1987,
  author    = "A. Brekke and T. Feder and S. Berger",
  title     = "Pc4 giant pulsations recorded in {Troms{\o}}, 1929-1985",
  journal   = "Journal of Atmospheric and Terrestrial Physics",
  volume    = "49",
  number    = "10",
  pages     = "1027-1032",
  year      = "1987",
  doi       = "10.1016/0021-9169(87)90109-7"
}

% =============================================================================
% ===================================================================== Carlson
% =============================================================================

@article{carlson_1998,
	doi = {10.1029/98gl01592},
	url = {http://dx.doi.org/10.1029/98gl01592},
	year = 1998,
	publisher = {Wiley-Blackwell},
	volume = {25},
	number = {12},
	pages = {2013--2016},
	author = {C. W. Carlson and R. F. Pfaff and J. G. Watzin},
	title = {The Fast Auroral {SnapshoT} ({FAST}) Mission},
	journal = {Geophys. Res. Lett.}
}

% =============================================================================
% ===================================================================== Chaston
% =============================================================================

@article{chaston_2000,
	doi = {10.1238/physica.topical.084a00064},
	url = {http://dx.doi.org/10.1238/physica.topical.084a00064},
	year = 2000,
	publisher = {{IOP} Publishing},
	volume = {T84},
	number = {1},
	pages = {64},
	author = {C. C. Chaston and C. W. Carlson and R. E. Ergun and J. P. McFadden},
	title = {Alfv{\'e}n Waves, Density Cavities and Electron Acceleration Observed from the {FAST} Spacecraft},
	journal = {Physica Scripta}
}

@article{chaston_2002,
	doi = {10.1029/2002ja009272},
	url = {http://dx.doi.org/10.1029/2002ja009272},
	year = 2002,
	publisher = {Wiley-Blackwell},
	volume = {107},
	number = {A11},
	author = {C. C. Chaston},
	title = {Electron acceleration in the ionospheric {Alfv{\'e}n} resonator},
	journal = {J. Geophys. Res.}
}

@article{chaston_2014,
  author    = "Christopher C. Chaston and John W. Bonnell and John R. Wygant and Forrest Mozer and Stuart D. Bale and Kris Kersten and Aaron W. Breneman and Craig A. Kletzing William S. Kurth and George B. Hospodarsky and Charles W. Smith and Elizabeth A. MacDonald",
  title     = "Observations of kinetic scale field line resonances",
  journal   = "Geophys. Res. Lett.",
  volume    = "41",
  pages     = "209-215",
  year      = "2014",
  doi       = "10.1002/2013GL058507"
}

% =============================================================================
% ======================================================================== Chan
% =============================================================================

@article {chan_1994,
  author = {Chan, Anthony A. and Xia, Mengfen and Chen, Liu},
  title = {Anisotropic {Alfv{\'e}n}-ballooning modes in {Earth}'s magnetosphere},
  journal = {J. Geophys. Res. Space Physics},
  volume = {99},
  number = {A9},
  issn = {2156-2202},
  url = {http://dx.doi.org/10.1029/93JA03353},
  doi = {10.1029/93JA03353},
  pages = {17351--17366},
  keywords = {MHD waves and instabilities, Plasma waves and instabilities, Kinetic and MHD theory},
  year = {1994},
}

% =============================================================================
% ======================================================================== Chen
% =============================================================================

@article{chen_1974,
  author    = "Liu Chen and Akira Hasegawa",
  title     = "A theory of long-period magnetic pulsations: 1. Steady state excitation of field line resonance",
  journal   = "J. Geophys. Res.",
  year      = "1974",
  volume    = "79",
  number    = "7",
  pages     = "1024-1032",
  doi       = "10.1029/ja079i007p01024"
}

@techreport{chen_1984,
	doi = {10.2172/6536620},
	url = {http://dx.doi.org/10.2172/6536620},
	year = 1984,
	publisher = {Office of Scientific and Technical Information ({OSTI})},
	author = {L. Chen and R.B. White and C.Z. Cheng and F. Romanelli and J. Weiland and R. Hay and J.W. Van Dam and D.C. Barnes and M.N. Rosenbluth and S.T. Tsai},
	title = {Theory and simulation of fishbone-type instabilities in beam-heated tokamaks}
}

@article{chen_1991,
	doi = {10.1029/90ja02346},
	url = {http://dx.doi.org/10.1029/90ja02346},
	year = 1991,
	publisher = {Wiley-Blackwell},
	volume = {96},
	number = {A2},
	pages = {1503},
	author = {Liu Chen and Akira Hasegawa},
	title = {Kinetic theory of geomagnetic pulsations: 1. Internal excitations by energetic particles},
	journal = {J. Geophys. Res.}
}

% =============================================================================
% ======================================================================= Cheng
% =============================================================================

@article{cheng_1994,
	doi = {10.1029/94ja00657},
	url = {http://dx.doi.org/10.1029/94ja00657},
	year = 1994,
	publisher = {Wiley-Blackwell},
	volume = {99},
	number = {A6},
	pages = {11193},
	author = {C. Z. Cheng and Q. Qian},
	title = {Theory of ballooning-mirror instabilities for anisotropic pressure plasmas in the magnetosphere},
	journal = {J. Geophys. Res.}
}

% =============================================================================
% ===================================================================== Chisham
% =============================================================================

@article{chisham_1991,
	doi = {10.1016/0032-0633(91)90105-j},
	url = {http://dx.doi.org/10.1016/0032-0633(91)90105-j},
	year = 1991,
	publisher = {Elsevier {BV}},
	volume = {39},
	number = {7},
	pages = {999--1006},
	author = {G. Chisham and D. Orr},
	title = {Statistical studies of giant pulsations (Pgs): Harmonic mode},
	journal = {Planetary and Space Science}
}

% =============================================================================
% ================================================================ Claudepierre
% =============================================================================

@article {claudepierre_2013,
author = {Claudepierre, S. G. and Mann, I. R. and Takahashi, K. and Fennell, J. F. and Hudson, M. K. and Blake, J. B. and Roeder, J. L. and Clemmons, J. H. and Spence, H. E. and Reeves, G. D. and Baker, D. N. and Funsten, H. O. and W. Friedel, R. H. and Henderson, M. G. and Kletzing, C. A. and Kurth, W. S. and MacDowall, R. J. and Smith, C. W. and Wygant, J. R.},
title = {Van Allen Probes observation of localized drift resonance between poloidal mode ultra-low frequency waves and 60 keV electrons},
journal = {Geophysical Research Letters},
volume = {40},
number = {17},
issn = {1944-8007},
url = {http://dx.doi.org/10.1002/grl.50901},
doi = {10.1002/grl.50901},
pages = {4491--4497},
keywords = {Radiation belts, Energetic particles: trapped, Magnetosphere: inner, Particle acceleration, MHD waves and instabilities, drift-resonance, ultra-low frequency, radiation belt electron, radial diffusion, inner magnetosphere},
year = {2013},
}

@article{claudepierre_2016,
	doi = {10.1002/2015ja022048},
	url = {http://dx.doi.org/10.1002/2015ja022048},
	year = 2016,
	publisher = {Wiley-Blackwell},
	volume = {121},
	number = {1},
	pages = {227--244},
	author = {S. G. Claudepierre and F. R. Toffoletto and M. Wiltberger},
	title = {Global {MHD} modeling of resonant {ULF} waves: Simulations with and without a plasmasphere},
	journal = {J. Geophys. Res. Space Physics}
}

% =============================================================================
% ==================================================================== Cummings
% =============================================================================

@article{cummings_1969,
  author    = "W. D. Cummings and R. J. O'Sullivan and P. J. Coleman",
  title     = "Standing {Alfv{\'e}n} waves in the magnetosphere",
  journal   = "J. Geophys. Res.",
  volume    = "74",
  number    = "3",
  pages     = "778-793",
  year      = "1969",
  doi       = "10.1029/JA074i003p00778",
}

% =============================================================================
% ================================================================= D'haeseleer
% =============================================================================

@book{dhaeseleer_1991,
  author    = "W. D. D'haeseleer and W. N. G. Hitchon J. D. Callen and J. L. Shohet", 
  title     = "Flux Coordinates and Magnetic Field Structure",
  publisher = "Springer-Verlag",
  year      = "1991",
  address   = "New York",
  isbn      = "0-387-52419-3"
}

% =============================================================================
% ====================================================================== Daglis
% =============================================================================

@article{daglis_1999,
	doi = {10.1029/1999rg900009},
	url = {http://dx.doi.org/10.1029/1999rg900009},
	year = 1999,
	publisher = {Wiley-Blackwell},
	volume = {37},
	number = {4},
	pages = {407--438},
	author = {Ioannis A. Daglis and Richard M. Thorne and Wolfgang Baumjohann and Stefano Orsini},
	title = {The terrestrial ring current: Origin, formation, and decay},
	journal = {Rev. Geophys.}
}

% =============================================================================
% ========================================================================= Dai
% =============================================================================

@article{dai_2009,
  author    = "Lei Dai",
  title     = "Collisionless Magnetic Reconnection via {Alfv{\'e}n} Eigenmodes",
  journal   = "Phys. Rev. Lett.",
  year      = "2009",
  volume    = "102",
  number    = "24",
  doi       = "10.1103/physrevlett.102.245003"
}

@article{dai_2013,
  author    = "Lei Dai and Kazue Takahashi and John R. Wygant and Liu Chen and John Bonnell and Cynthia A. Cattell and Scott Thaller and Craig Kletzing and Charles W. Smith and Robert J. MacDowall and Daniel N. Baker and J. Bernard Blake and Joseph Fennell and Seth Claudepierre and Herbert O. Funsten and Geoffrey D. Reeves and Harlan E. Spence",
  title     = "Excitation of poloidal standing {Alfv{\'e}n} waves through drift resonance wave-particle interaction",
  journal   = "Geophys. Res. Lett.",
  volume    = "40",
  pages     = "4127-4132",
  year      = "2013",
  doi       = "10.1002/grl.50800"
}

@article{dai_2015,
  author    = "Lei Dai and Kazue Takahashi and Robert Lysak and Chi Wang and John R. Wygant and Craig Kletzing and John Bonnell and Cynthia A. Cattell and Charles W. Smith and Robert J. MacDowall and Scott Thaller and Aaron Breneman and Xiangwei Tang and Xin Tao and Lunjin Chen",
  title     = "Storm time occurrence and spatial distribution of {Pc4} poloidal {ULF} waves in the inner magnetosphere: A {Van Allen Probes} statistical study",
  journal   = "J. Geophys. Res. Space Physics",
  volume    = "120",
  pages     = "4748-4762",
  year      = "2015",
  doi       = "10.1002/2015JA021134"
}

% =============================================================================
% ==================================================================== Degeling
% =============================================================================

@article{degeling_2014,
  author    = "A. W. Degeling and R. Rankin and Q.-G. Zong",
  title     = "Modeling radiation belt electron acceleration by {ULF} fast mode waves, launched by solar wind dynamic pressure fluctuations",
  journal   = "J. Geophys. Res. Space Physics",
  year      = "2014",
  volume    = "119",
  number    = "11",
  pages     = "8916-8928",
  doi       = "10.1002/2013ja019672"
}

% =============================================================================
% ====================================================================== Denton
% =============================================================================

@article {denton_2003,
author = {Denton, R. E. and Lessard, M. R. and Kistler, L. M.},
title = {Radial localization of magnetospheric guided poloidal Pc 4-5 waves},
journal = {Journal of Geophysical Research: Space Physics},
volume = {108},
number = {A3},
issn = {2156-2202},
url = {http://dx.doi.org/10.1029/2002JA009679},
doi = {10.1029/2002JA009679},
pages = {n/a--n/a},
year = {2003},
note = {1105},
}

@article{denton_2011,
	doi = {10.1029/2010ja016027},
	url = {http://dx.doi.org/10.1029/2010ja016027},
	year = 2011,
	publisher = {Wiley-Blackwell},
	volume = {116},
	number = {A3},
	author = {R. E. Denton and M. F. Thomsen and K. Takahashi and R. R. Anderson and H. J. Singer},
	title = {Solar cycle dependence of bulk ion composition at geosynchronous orbit},
	journal = {J. Geophys. Res.}
}

% =============================================================================
% ======================================================================== Ding
% =============================================================================

@article{ding_1995,
  author    = "D. Q. Ding and R. E. Denton and M. K. Hudson and R. L. Lysak",
  title     = "An {MHD} simulation study of the poloidal mode field line resonance in the {Earth's} dipole magnetosphere",
  journal   = "J. Geophys. Res.",
  volume    = "100",
  pages     = "63-77",
  year      = "1995",
  doi       = "10.1029/94ja02265"
}

% =============================================================================
% ====================================================================== Dungey
% =============================================================================

@article{dungey_1954,
  author    = "J. W. Dungey",
  title     = "The attenuation of {Alfv{\'e}n} waves",
  journal   = "J. Geophys. Res.",
  volume    = "59",
  number    = "3",
  pages     = "323-328",
  year      = "1954",
  doi       = "10.1029/jz059i003p00323"
}

@article{dungey_1961,
	doi = {10.1103/physrevlett.6.47},
	url = {http://dx.doi.org/10.1103/physrevlett.6.47},
	year = 1961,
	publisher = {American Physical Society ({APS})},
	volume = {6},
	number = {2},
	pages = {47--48},
	author = {J. W. Dungey},
	title = {Interplanetary Magnetic Field and the Auroral Zones},
	journal = {Phys. Rev. Lett.}
}

% =============================================================================
% ==================================================================== Einstein
% =============================================================================

@article{einstein_1916,
  author    = "A. Einstein",
  title     = "Die Grundlage der allgemeinen Relativit{\"a}tstheorie",
  journal   = "Ann. Phys.",
  volume    = "354",
  pages     = "769-822",
  year      = "1916",
  doi       = "10.1002/andp.19163540702"
}

% =============================================================================
% =================================================================== Elkington
% =============================================================================

@article{elkington_1999,
  author    = "Scot R. Elkington and Mary K. Hudson and Anthony A. Chan",
  title     = "Acceleration of relativistic electrons via drift-resonant interaction with toroidal-mode {Pc-5} {ULF} oscillations",
  journal   = "Geophys. Res. Lett.",
  year      = "1999",
  volume    = "26",
  number    = "21",
  pages     = "3273-3276",
  doi       = "10.1029/1999gl003659",
}

@article{elkington_2003,
  author    = "Scot R. Elkington",
  title     = "Resonant acceleration and diffusion of outer zone electrons in an asymmetric geomagnetic field",
  journal   = "J. Geophys. Res.",
  year      = "2003",
  volume    = "108",
  number    = "A3",
  doi       = "10.1029/2001ja009202"
}

% =============================================================================
% ================================================================= Engebretson
% =============================================================================

﻿@article {engebretson_1986,
author = {Engebretson, M. J. and Zanetti, L. J. and Potemra, T. A. and Acuna, M. H.},
title = {Harmonically structured ULF pulsations observed by the AMPTE CCE Magnetic Field Experiment},
journal = {Geophysical Research Letters},
volume = {13},
number = {9},
issn = {1944-8007},
url = {http://dx.doi.org/10.1029/GL013i009p00905},
doi = {10.1029/GL013i009p00905},
pages = {905--908},
year = {1986},
}

@article{engebretson_1987,
  author    = "M. J. Engebretson and L. J. Zanetti and T. A. Potemra and W. Baumjohann and H. L{\"u}hr and M. H. Acuna",
  title     = "Simultaneous observation of {Pc 3–4} pulsations in the solar wind and in the {Earth's} magnetosphere",
  journal   = "J. Geophys. Res. Space Physics",
  volume    = "92",
  issue     = "A9",
  pages     = "10053-10062",
  year      = "1987",
  doi       = "10.1029/JA092iA09p10053"
}

@article{engebretson_1988,
  author    = "M. J. Engebretson and L. J. Zanetti and T. A. Potemra and D. M. Klumpar and R. J. Strangeway and M. H. Acu{\~n}a",
  title     = "Observations of intense {ULF} pulsation activity near the geomagnetic equator during quiet times",
  journal   = "J. Geophys. Res.",
  year      = "1988",
  volume    = "93",
  number    = "A11",
  pages     = "12795",
  doi       = "10.1029/ja093ia11p12795"
}

@article{engebretson_1992,
  author    = "M. J. Engebretson and D. L. Murr and K. N. Erickson and R. J. Strangeway and D. M. Klumpar and S. A. Fuselier and L. J. Zanetti and T. A. Potemra",
  title     = "The spatial extent of radial magnetic pulsation events observed in the dayside near synchronous orbit",
  journal   = "J. Geophys. Res.",
  year      = "1992",
  volume    = "97",
  number    = "A9",
  pages     = "13741",
  doi       = "10.1029/92ja00992",
}

% =============================================================================
% ==================================================================== Eriksson
% =============================================================================

@article{eriksson_2005,
	doi = {10.5194/angeo-23-2679-2005},
	url = {http://dx.doi.org/10.5194/angeo-23-2679-2005},
	year = 2005,
	publisher = {Copernicus {GmbH}},
	volume = {23},
	number = {7},
	pages = {2679--2686},
	author = {P. T. I. Eriksson and L. G. Blomberg and A. D. M. Walker and K.-H. Glassmeier},
	title = {Poloidal {ULF} oscillations in the dayside magnetosphere: a {Cluster} study},
	journal = {Ann. Geophys.}
}

% =============================================================================
% ======================================================================= Frycz
% =============================================================================

@article{frycz_1998,
	doi = {10.1063/1.873075},
	url = {http://dx.doi.org/10.1063/1.873075},
	year = 1998,
	publisher = {{AIP} Publishing},
	volume = {5},
	number = {10},
	pages = {3565},
	author = {P. Frycz and R. Rankin and J. C. Samson and V. T. Tikhonchuk},
	title = {Nonlinear field line resonances: Dispersive effects},
	journal = {Physics of Plasmas}
}

% =============================================================================
% ====================================================================== Fujita
% =============================================================================

@article{fujita_1988,
  author    = "Shigeru Fujita and Tsutomu Tamao",
  title     = "Duct propagation of hydromagnetic waves in the upper ionosphere, 1, Electromagnetic field disturbances in high latitudes associated with localized incidence of a shear {Alfv{\'e}n} wave",
  journal   = "J. Geophys. Res.",
  volume    = "93",
  number    = "A12",
  pages     = "14665",
  year      = "1988",
  doi       = "10.1029/ja093ia12p14665"
}

% =============================================================================
% ================================================================== Glassmeier
% =============================================================================

@article{glassmeier_1980,
  author    = "K.-H. Glassmeier",
  title     = "Magnetometer array observations of a giant pulsation event",
  journal   = "J. Geophys.",
  year      = "1980",
  volume    = "48",
  pages     = "127-138",
  doi       = ""
}

@article{glassmeier_1984,
  author    = "K.-H. Glassmeier",
  title     = "On the influence of ionospheres with non-uniform conductivity distribution on hydromagnetic waves",
  journal   = "J. Geophys.",
  year      = "1984",
  volume    = "54",
  number    = "2",
  pages     = "125--137",
  doi       = ""
}

@article{glassmeier_1999,
  author    = "K.-H. Glassmeier and  S. Buchert and U. Motschmann and A. Korth and A. Pedersen",
  title     = "Concerning the generation of geomagnetic giant pulsations by drift-bounce resonance ring current instabilities",
  journal   = "Ann. Geophysicae",
  volume    = "17",
  pages     = "338-350",
  year      = "1999",
  doi       = "10.1007/s005850050763"
}

@article{glassmeier_2000,
	doi = {10.1029/2000ja900037},
	url = {http://dx.doi.org/10.1029/2000ja900037},
	year = 2000,
	publisher = {Wiley-Blackwell},
	volume = {105},
	number = {A8},
	pages = {18847--18855},
	author = {Karl-Heinz Glassmeier and Martin Stellmacher},
	title = {Concerning the local time asymmetry of {Pc5} wave power at the ground and field line resonance widths},
	journal = {J. Geophys. Res.}
}

@article{glassmeier_2004,
  author    = "Karl-Heinz Glassmeier and Dmitri Klimushkin and Carsten Othmer and Pavel Mager",
  title     = "{ULF} waves at Mercury: Earth, the giants, and their little brother compared",
  journal   = "Advances in Space Research",
  year      = "2004",
  volume    = "33",
  number    = "11",
  pages     = "1875-1883",
  doi       = "10.1016/j.asr.2003.04.047"
}

% =============================================================================
% ====================================================================== Goertz
% =============================================================================

@article{goertz_1979,
	doi = {10.1029/ja084ia12p07239},
	url = {http://dx.doi.org/10.1029/ja084ia12p07239},
	year = 1979,
	publisher = {Wiley-Blackwell},
	volume = {84},
	number = {A12},
	pages = {7239},
	author = {C. K. Goertz and R. W Boswell},
	title = {Magnetosphere-ionosphere coupling},
	journal = {J. Geophys. Res.}
}

@article{goertz_1984,
	doi = {10.1016/0032-0633(84)90081-3},
	url = {http://dx.doi.org/10.1016/0032-0633(84)90081-3},
	year = 1984,
	publisher = {Elsevier {BV}},
	volume = {32},
	number = {11},
	pages = {1387--1392},
	author = {C.K. Goertz},
	title = {Kinetic {Alfv{\'e}n} waves on auroral field lines},
	journal = {Planetary and Space Science}
}

% =============================================================================
% =================================================================== Goldstein
% =============================================================================

@article{goldstein_2006,
	doi = {10.1007/s11214-006-9105-y},
	url = {http://dx.doi.org/10.1007/s11214-006-9105-y},
	year = 2006,
	publisher = {Springer Science $\mathplus$ Business Media},
	volume = {124},
	number = {1-4},
	pages = {203--216},
	author = {J. Goldstein},
	title = {Plasmasphere Response: Tutorial and Review of Recent Imaging Results},
	journal = {Space Science Reviews}
}

% =============================================================================
% ======================================================================= Green
% =============================================================================

@article{green_1979,
  author    = "C. A. Green",
  title     = "Observations of {Pg} pulsations in the Northern Auroral zone and at lower latitude conjugate regions",
  journal   = "Planetary and Space Science",
  year      = "1979",
  volume    = "27",
  number    = "1",
  pages     = "63-77",
  doi       = "10.1016/0032-0633(79)90148-x"
}

@article{green_1985,
  author = "C. A. Green",
  title = "Giant pulsations in the plasmasphere",
  journal = "Planetary and Space Science",
  year = "1985",
  volume = "33",
  number = "10",
  pages = "1155-1168",
  doi = "10.1016/0032-0633(85)90073-x"
}

@article{green_2006,
	doi = {10.1016/j.asr.2005.08.054},
	url = {http://dx.doi.org/10.1016/j.asr.2005.08.054},
	year = 2006,
	publisher = {Elsevier {BV}},
	volume = {38},
	number = {2},
	pages = {130--135},
	author = {James L. Green and Scott Boardsen},
	title = {Duration and extent of the great auroral storm of 1859},
	journal = {Advances in Space Research}
}

% =============================================================================
% ================================================================== Greifinger
% =============================================================================

@article{greifinger_1968,
  author    = "Carl Greifinger and Phyllis S. Greifinger",
  title     = "Theory of Hydromagnetic Propagation in the Ionospheric Waveguide",
  journal   = "J. Geophys. Res.",
  volume    = "73",
  number    = "23",
  pages     = "7473-7490",
  year      = "1968",
  doi       = "10.1029/ja073i023p07473"
}

% =============================================================================
% =================================================================== Haerendel
% =============================================================================

@article{haerendel_1999,
	doi = {10.1007/s00585-999-1592-1},
	url = {http://dx.doi.org/10.1007/s00585-999-1592-1},
	year = 1999,
	publisher = {Copernicus {GmbH}},
	volume = {17},
	number = {12},
	pages = {1592--1601},
	author = {G. Haerendel and W. Baumjohann and E. Georgescu and R. Nakamura and L. M. Kistler and B. Klecker and H. Kucharek and A. Vaivads and T. Mukai and S. Kokubun},
	title = {High-beta plasma blobs in the morningside plasma sheet},
	journal = {Ann. Geophys.}
}

% =============================================================================
% ======================================================================== Hall
% =============================================================================

@book{hall_2015,
  author    = "Brian C. Hall", 
  title     = "Lie Groups, Lie Algebras, and Representations",
  publisher = "Springer",
  year      = "2015",
  edition   = "Second",
  address   = "New York",
  series    = "Graduate Texts in Mathematics",
  isbn      = "978-3-319-13467-3",
  doi       = "10.1007/978-3-319-13467-3"
}

% =============================================================================
% ========================================================================= Hao
% =============================================================================

@article{hao_2014,
  author    = "Y. X. Hao and Q.-G. Zong and Y. F. Wang and X.-Z. Zhou and Hui Zhang and S. Y. Fu and Z. Y. Pu and H. E. Spence and J. B. Blake and J. Bonnell and J. R. Wygant and C. A. Kletzing",
  title     = "Interactions of energetic electrons with {ULF} waves triggered by interplanetary shock: Van Allen Probes observations in the magnetotail",
  journal   = "J. Geophys. Res. Space Physics",
  year      = "2014",
  volume    = "119",
  number    = "10",
  pages     = "8262-8273",
  doi       = "10.1002/2014ja020023"
}

% =============================================================================
% ====================================================================== Harang
% =============================================================================

@book{harang_1941,
  title={Pulsations in the terrestrial magnetic records at high latitude stations},
  author={Harang, Leiv},
  year={1942},
  publisher={Grondahl}
}

% =============================================================================
% ================================================================== Hillebrand
% =============================================================================

@article{hasegawa_1971,
	doi = {10.1029/ja076i022p05361},
	url = {http://dx.doi.org/10.1029/ja076i022p05361},
	year = 1971,
	publisher = {Wiley-Blackwell},
	volume = {76},
	number = {22},
	pages = {5361--5364},
	author = {Akira Hasegawa},
	title = {Drift-wave instability at the plasmapause},
	journal = {J. Geophys. Res.}
}

% =============================================================================
% ================================================================== Hillebrand
% =============================================================================

@article{hillebrand_1982,
  author    = "O. Hillebrand and J. Muench and R. L. McPherron",
  title     = "Ground-Satellite correlative study of a giant pulsation event",
  journal   = "Journal of Geophysics Zeitschrift Geophysik",
  year      = "1982",
  volume    = "51",
  pages     = "129-140",
  doi       = ""
}

% =============================================================================
% ====================================================================== Hughes
% =============================================================================

@article{hughes_1974,
  author    = "W. J. Hughes",
  title     = "The Effect of the Atmosphere and Ionosphere on Long Period Magnetospheric Micropulsations",
  journal   = "Planet. Space Sci.",
  volume    = "22",
  pages     = "1157-1172",
  year      = "1974",
  doi       = "10.1016/0032-0633(74)90001-4"
}

@article{hughes_1976,
  author    = "W. J. Hughes and D. J. Southwood",
  title     = "The Screening of Micropulsation Signals by the Atmosphere and Ionosphere",
  journal   = "J. Geophys. Res.",
  volume    = "81",
  number    = "19",
  pages     = "3234-3240",
  year      = "1976",
  doi       = "10.1029/ja081i019p03234"
}

@article{hughes_1978,
  author    = "W. J. Hughes and D. J. Southwood and B. Mauk and R. L. McPherron and J. N. Barfield",
  title     = "Alfv{\'{e}}n waves generated by an inverted plasma energy distribution",
  journal   = "Nature",
  year      = "1978",
  volume    = "275",
  number    = "5675",
  pages     = "43-45",
  doi       = "10.1038/275043a0"
}

@incollection{hughes_1994,
  author    = "W. J. Hughes", 
  title     = "Magnetospheric {ULF} Waves: A Tutorial With a Historical Perspective",
  booktitle = "Solar Wind Sources of Magnetospheric Ultra-Low-Frequency Waves",
  publisher = "American Geophysical Union",
  year      = 1994,
  editor    = "M. J. Engebretson and K. Takahashi and M. Scholer",
  volume    = "81",
  series    = "Geophys. Monogr.",
  pages     = "1-12",
  address   = "Washington, DC",
  isbn      = "0-87590-040-2"
}

% =============================================================================
% ====================================================================== Jacobs
% =============================================================================

@article{jacobs_1964,
  author    = "J. A. Jacobs and Y. Kato and S. Matsushita and V. A. Troitskaya",
  title     = "Classification of geomagnetic micropulsations",
  journal   = "J. Geophys. Res.",
  year      = "1964",
  volume    = "69",
  number    = "1",
  pages     = "180-181",
  doi       = "10.1029/jz069i001p00180"
}

% =============================================================================
% ====================================================================== Jaynes
% =============================================================================

@article{jaynes_2015,
  author    = "A. N. Jaynes and M. R. Lessard and K. Takahashi and A. F. Ali and D. M. Malaspina and R. G. Michell and E. L. Spanswick and D. N. Baker and J. B. Blake and C. Cully and E. F. Donovan and C. A. Kletzing and G. D. Reeves and M. Samara and H. E. Spence and J. R. Wygant",
  title     = "Correlated {Pc4–5} {ULF} waves, whistler-mode chorus, and pulsating aurora observed by the {Van Allen Probes} and ground-based systems",
  journal   = "J. Geophys. Res. Space Physics",
  volume    = "120",
  pages     = "8749–8761",
  year      = "2015",
  doi       = "10.1002/2015JA021380"
}

% =============================================================================
% ==================================================================== Karlsson
% =============================================================================

@article{karlsson_1996,
	doi = {10.1029/96gl00773},
	url = {http://dx.doi.org/10.1029/96gl00773},
	year = 1996,
	publisher = {Wiley-Blackwell},
	volume = {23},
	number = {9},
	pages = {1005--1008},
	author = {T. Karlsson and G. T. Marklund},
	title = {A statistical study of intense low-altitude electric fields observed by Freja},
	journal = {Geophys. Res. Lett.}
}

% =============================================================================
% ======================================================================== Kato
% =============================================================================

@article{kato_1956,
  title     = "Hydromagnetic Oscillations in a Conducting Medium with Hall Couduct-ivity under the Uniform Magnetic Field",
  author    = "Kato, Yoshio and Tsutomu, Tamao",
  journal   = "Science reports of the Tohoku University. Ser. 5, Geophysics",
  volume    = "7",
  number    = "3",
  pages     = "147-164",
  year      = "1956",
  publisher = "Faculty of Science, Tohoku University"
}

% =============================================================================
% ====================================================================== Kelley
% =============================================================================

@book{kelley_1989,
  author    = "Michael C. Kelley", 
  title     = "The {Earth's} Ionosphere",
  publisher = "Academic Press",
  year      = "1989",
  address   = "San Diego",
  edition   = "Second",
  isbn      = "0124040136"
}

% =============================================================================
% ===================================================================== Kendall
% =============================================================================

@article{kendall_1979,
	doi = {10.1016/0032-0633(79)90016-3},
	url = {http://dx.doi.org/10.1016/0032-0633(79)90016-3},
	year = 1979,
	publisher = {Elsevier {BV}},
	volume = {27},
	number = {6},
	pages = {895--899},
	author = {P.C. Kendall},
	title = {Micropulsations and orthogonal curvilinear coordinates},
	journal = {Planetary and Space Science}
}

% =============================================================================
% ====================================================================== Kessel
% =============================================================================

@article{kessel_2008,
  author    = "R. L. Kessel",
  title     = "Solar wind excitation of Pc5 fluctuations in the magnetosphere and on the ground",
  journal   = "J. Geophys. Res.",
  year      = "2008",
  volume    = "113",
  number    = "A4",
  doi       = "10.1029/2007ja012255",
}

% =============================================================================
% ==================================================================== Kivelson
% =============================================================================

@incollection{kivelson_2006,
  author    = "Margaret Galland Kivelson", 
  title     = "ULF Waves From the Ionosphere to the Outer Planets",
  booktitle = "Magnetospheric {ULF} Waves: Synthesis and New Directions",
  publisher = "American Geophysical Union",
  year      = "2006",
  editor    = "Kazue Takahashi and Peter J. Chi and Richard E. Denton and Robert L. Lysak",
  volume    = "169",
  series    = "Geophys. Monogr.",
  pages     = "11--30",
  address   = "Washington, DC",
  isbn      = "978-087590-434-4"
}

% =============================================================================
% ================================================================== Klimushkin
% =============================================================================

@article{klimushkin_1998,
  author    = "D. Yu. Klimushkin",
  title     = "Resonators for hydromagnetic waves in the magnetosphere",
  journal   = "J. Geophys. Res.",
  year      = "1998",
  volume    = "103",
  number    = "A2",
  pages     = "2369-2375",
  doi       = "10.1029/97ja02193"
}

@article{klimushkin_2004,
  AUTHOR    = "D. Yu. Klimushkin and P. N. Mager and K.-H. Glassmeier",
  TITLE     = "Toroidal and poloidal {Alfv{\'e}n} waves with arbitrary azimuthal wavenumbers in a finite pressure plasma in the Earth's magnetosphere",
  JOURNAL   = "Annales Geophysicae",
  VOLUME    = "22",
  YEAR      = "2004",
  NUMBER    = "1",
  PAGES     = "267-287",
  DOI       = "10.5194/angeo-22-267-2004"
}

% =============================================================================
% ====================================================================== Knight
% =============================================================================

@ARTICLE{knight_1973,
   author = {{Knight}, S.},
    title = "{Parallel electric fields}",
  journal = {Planetary and Space Science},
     year = 1973,
   volume = 21,
    pages = {741-750},
      doi = {10.1016/0032-0633(73)90093-7},
}

% =============================================================================
% ===================================================================== Kokubun
% =============================================================================

@article{kokubun_1980,
	doi = {10.5636/jgg.32.supplement2_sii17},
	url = {http://dx.doi.org/10.5636/jgg.32.supplement2_sii17},
	year = 1980,
	publisher = {Society of Geomagnetism and Earth, Planetary and Space Sciences},
	volume = {32},
	number = {Supplement2},
	pages = {SII17--SII39},
	author = {Susumu Kokubun},
	title = {Observations of {Pc} Pulsations in the Magnetosphere: Satellite-Ground Correlation},
	journal = {J. Geomagn. Geoelec}
}

@article{kokubun_1989,
	doi = {10.1029/ja094ia06p06607},
	url = {http://dx.doi.org/10.1029/ja094ia06p06607},
	year = 1989,
	publisher = {Wiley-Blackwell},
	volume = {94},
	number = {A6},
	pages = {6607--6625},
	author = {S. Kokubun and K. N. Erickson and T. A. Fritz and R. L. McPherron},
	title = {Local time asymmetry of {Pc} 4-5 pulsations and associated particle modulations at synchronous orbit},
	journal = {J. Geophys. Res.}
}

% =============================================================================
% ========================================================================= Lee
% =============================================================================

@article{lee_1998,
  author    = "Dong-Hun Lee",
  title     = "On the generation mechanism of Pi 2 pulsations in the magnetosphere",
  journal   = "Geophys. Res. Lett.",
  year      = "1998",
  volume    = "25",
  number    = "5",
  pages     = "583-586",
  doi       = "10.1029/98gl50239"
}

@article{lee_1999,
  author    = "Dong-Hun Lee and Kihong Kim",
  title     = "Compressional {MHD} waves in the magnetosphere: A new approach",
  journal   = "J. Geophys. Res.",
  year      = "1999",
  volume    = "104",
  number    = "A6",
  pages     = "12379-12385",
  doi       = "10.1029/1999ja900053",
}

@article {lee_2000,
author = {Lee, Dong-Hun and Lysak, Robert L. and Song, Yan},
title = {Field line resonances in a nonaxisymmetric magnetic field},
journal = {Journal of Geophysical Research: Space Physics},
volume = {105},
number = {A5},
issn = {2156-2202},
url = {http://dx.doi.org/10.1029/1999JA000295},
doi = {10.1029/1999JA000295},
pages = {10703--10711},
keywords = {Magnetotail, MHD waves and instabilities, Numerical modeling, Kinetic and MHD theory},
year = {2000},
}

% =============================================================================
% =================================================================== Leonovich
% =============================================================================

@article{leonovich_2000,
  author    = "A. S. Leonovich and V. A. Mazur",
  title     = "Structure of magnetosonic eigenoscillations of an axisymmetric magnetosphere",
  journal   = "J. Geophys. Res.",
  year      = "2000",
  volume    = "105",
  number    = "A12",
  pages     = "27707-27715",
  doi       = "10.1029/2000ja900108"
}

% =============================================================================
% ========================================================================= Liu
% =============================================================================

@article{liu_2009,
  author    = "W. Liu and T. E. Sarris and X. Li and S. R. Elkington and R. Ergun and V. Angelopoulos and J. Bonnell and K. H. Glassmeier",
  title     = "Electric and magnetic field observations of {Pc4} and {Pc5} pulsations in the inner magnetosphere: A statistical study",
  journal   = "J. Geophys. Res.",
  year      = "2009",
  volume    = "114",
  number    = "A12",
  doi       = "10.1029/2009ja014243",
}

@article{liu_2010,
	doi = {10.1029/2010ja015299},
	url = {http://dx.doi.org/10.1029/2010ja015299},
	year = 2010,
	publisher = {Wiley-Blackwell},
	volume = {115},
	number = {A12},
	author = {W. Liu and T. E. Sarris and X. Li and R. Ergun and V. Angelopoulos and J. Bonnell and K. H. Glassmeier},
	title = {Solar wind influence on {Pc4} and {Pc5} {ULF} wave activity in the inner magnetosphere},
	journal = {J. Geophys. Res.}
}

@article{liu_2011,
  author    = "W. Liu and T. E. Sarris and X. Li and Q.-G. Zong and R. Ergun and V. Angelopoulos and K. H. Glassmeier",
  title     = "Spatial structure and temporal evolution of a dayside poloidal {ULF} wave event",
  journal   = "Geophys. Res. Lett.",
  year      = "2011",
  volume    = "38",
  number    = "19",
  doi       = "10.1029/2011gl049476"
}

@article{Liu_2013,
  author    = "W. Liu and J. B. Cao and X. Li and T. E. Sarris and Q.-G. Zong and M. Hartinger and K. Takahashi and H. Zhang and Q. Q. Shi and V. Angelopoulos",
  title     = "Poloidal {ULF} wave observed in the plasmasphere boundary layer",
  journal   = "J. Geophys. Res. Space Physics",
  year      = "2013",
  volume    = "118",
  number    = "7",
  pages     = "4298-4307",
  doi       = "10.1002/jgra.50427"
}

% =============================================================================
% ====================================================================== Lloyds
% =============================================================================

@article{lloyds_2013,
  author    = "Trevor Maynard and Neil Smith and Sandra Gonzalez and others",
  title     = "Solar storm risk to the {North American} electric grid",
  publisher = "Lloyd's and Atmospheric and Environmental Research",
  year      = "2013",
  url       = "http://www.lloyds.com/~/media/lloyds/reports/emerging risk reports/solar storm risk to the north american electric grid.pdf"
}

% =============================================================================
% ======================================================================= Lysak
% =============================================================================

@incollection{L_hr_1984,
	doi = {10.1007/978-94-009-5283-6_10},
	url = {http://dx.doi.org/10.1007/978-94-009-5283-6_10},
	year = 1984,
	publisher = {Springer Science $\mathplus$ Business Media},
	pages = {305--315},
	author = {H. L{\"u}hr and S. Th{\"u}rey and N. Kl{\"o}cker},
	title = {The Eiscat-Magnetometer Cross},
	booktitle = {Geomagnetic and Observatory and Survey Practice}
}

% =============================================================================
% ======================================================================= Lysak
% =============================================================================

@article{lysak_1992,
  author    = "Robert L. Lysak and Dong-hun Lee",
  title     = "Response of the dipole magnetosphere to pressure pulses",
  journal   = "Geophys. Res. Lett.",
  year      = "1992",
  volume    = "19",
  number    = "9",
  pages     = "937-940",
  doi       = "10.1029/92gl00625"
}

@article{lysak_2001,
  author    = "Robert L. Lysak and Yan Song",
  title     = "A three-dimensional model of the propagation of {Alfv{\'e}n} waves through the auroral ionosphere: first results",
  journal   = "Adv. Space Res.",
  volume    = "28",
  pages     = "813-822",
  year      = "2001",
  doi       = "10.1016/S0273-1177(01)00508-7"
}

@article {lysak_2003,
author = {Lysak, Robert L. and Song, Yan},
title = {Nonlocal kinetic theory of {Alfv{\'e}n} waves on dipolar field lines},
journal = {Journal of Geophysical Research: Space Physics},
volume = {108},
number = {A8},
issn = {2156-2202},
url = {http://dx.doi.org/10.1029/2003JA009859},
doi = {10.1029/2003JA009859},
year = {2003},
note = {1327},
}

@article{lysak_2004,
  author    = "Robert L. Lysak",
  title     = "Magnetosphere-ionosphere coupling by {Alfv{\'e}n} waves at midlatitudes",
  journal   = "J. Geophys. Res.",
  volume    = "109",
  year      = "2004",
  doi       = "10.1029/2004JA010454"
}

@incollection{lysak_2006,
  author    = "R. L. Lysak and A. Yoshikawa", 
  title     = "Resonant cavities and waveguides in the ionosphere and atmosphere",
  booktitle = "Magentospheric {ULF} Waves: Synthesis and New Directions",
  publisher = "American Geophysical Union",
  year      = 2006,
  editor    = "K. Takahashi and P. J. Chi and R. E. Denton and R. L. Lysak",
  volume    = "169",
  series    = "Geophys. Monogr.",
  pages     = "289",
  address   = "Washington, DC",
  isbn      = "978-087590-434-4"
}

@article{lysak_2011,
  author    = "Robert L. Lysak and Yan Song",
  title     = "Development of parallel electric fields at the plasma sheet boundary layer",
  journal   = "J. Geophys. Res. Space Physics",
  volume    = "116",
  page      = "A00K14",
  year      = "2011",
  doi       = "10.1029/2010JA016424"
}

@article{lysak_2013,
  author    = "Robert L. Lysak and Colin L. Waters and Murray D. Sciffer",
  title     = "Modeling of the ionospheric {Alfv{\'e}n} resonator in dipolar geometry",
  journal   = "J. Geophys. Res. Space Physics",
  volume    = "118",
  year      = "2013",
  doi       = "10.1002/jgra.50090"
}

% =============================================================================
% ======================================================================= Mager
% =============================================================================

@article{mager_2013,
  author    = "P. N. Mager and D. Yu. Klimushkin",
  title     = "Giant pulsations as modes of a transverse {Alfv{\'e}nic} resonator on the plasmapause",
  journal   = "Earth, Planets and Space",
  year      = "2013",
  volume    = "65",
  number    = "5",
  pages     = "397-409",
  doi       = "10.5047/eps.2012.10.002"
}

% =============================================================================
% ======================================================================== Mann
% =============================================================================

@article{mann_1995,
  author    = "Ian R. Mann and Andrew N. Wright",
  title     = "Finite lifetimes of ideal poloidal {Alfv{\'e}n} waves",
  journal   = "J. Geophys. Res.",
  volume    = "100",
  pages     = "23677-23686",
  year      = "1995",
  doi       = "10.1029/95ja02689"
}

@article{mann_1997,
  author    = "Ian R. Mann and Andrew N. Wright and Alan W. Hood",
  title     = "Multiple-timescales analysis of ideal poloidal {Alfv{\'e}n} waves",
  journal   = "J. Geophys. Res.",
  volume    = "102",
  number    = "A2",
  pages     = "2381-2390",
  year      = "1997",
  doi       = "10.1029/96ja03034"
}

@article {mann_1999,
author = {Mann, Ian R. and Chisham, Gareth and Wanliss, James A.},
title = {Frequency-doubled density perturbations driven by ULF pulsations},
journal = {Journal of Geophysical Research: Space Physics},
volume = {104},
number = {A3},
issn = {2156-2202},
url = {http://dx.doi.org/10.1029/1998JA900136},
doi = {10.1029/1998JA900136},
pages = {4559--4565},
keywords = {Interplanetary shocks, MHD waves and instabilities, Solar wind/magnetosphere interactions, Nonlinear phenomena},
year = {1999},
}

@article{mann_2013,
  author    = "Ian R. Mann and E. A. Lee and S. G. Claudepierre and J. F. Fennell and A. Degeling and I. J. Rae and D. N. Baker and G. D. Reeves and H. E. Spence and L. G. Ozeke and R. Rankin and D. K. Milling and A. Kale and R. H. W. Friedel and F. Honary",
  title     = "Discovery of the action of a geophysical synchrotron in the {Earth's} {Van Allen} radiation belts",
  journal   = "Nature Communications",
  year      = "2013",
  volume    = "4",
  doi       = "10.1038/ncomms3795",
}

% =============================================================================
% ===================================================================== McGuire
% =============================================================================

@article{mcguire_1983,
	doi = {10.1103/physrevlett.50.891},
	url = {http://dx.doi.org/10.1103/physrevlett.50.891},
	year = 1983,
	publisher = {American Physical Society ({APS})},
	volume = {50},
	number = {12},
	pages = {891--895},
	author = {K. McGuire and R. Goldston and M. Bell and M. Bitter and K. Bol and K. Brau and D. Buchenauer and T. Crowley and S. Davis and F. Dylla and H. Eubank and H. Fishman and R. Fonck and B. Grek and R. Grimm and R. Hawryluk and H. Hsuan and R. Hulse and R. Izzo and R. Kaita and S. Kaye and H. Kugel and D. Johnson and J. Manickam and D. Manos and D. Mansfield and E. Mazzucato and R. McCann and D. McCune and D. Monticello and R. Motley and D. Mueller and K. Oasa and M. Okabayashi and K. Owens and W. Park and M. Reusch and N. Sauthoff and G. Schmidt and S. Sesnic and J. Strachan and C. Surko and R. Slusher and H. Takahashi and F. Tenney and P. Thomas and H. Towner and J. Valley and R. White},
	title = {Study of High-Beta Magnetohydrodynamic Modes and Fast-Ion Losses in {PDX}},
	journal = {Phys. Rev. Lett.}
}

% =============================================================================
% =================================================================== McPherron
% =============================================================================

@article{mcpherron_1973_substorms,
	doi = {10.1029/ja078i016p03054},
	url = {http://dx.doi.org/10.1029/ja078i016p03054},
	year = 1973,
	publisher = {Wiley-Blackwell},
	volume = {78},
	number = {16},
	pages = {3054--3061},
	author = {R. L. McPherron and G. K. Parks and D. S. Colburn and M. D. Montgomery},
	title = {Satellite studies of magnetospheric substorms on August 15, 1968: 2. Solar wind and outer magnetosphere},
	journal = {J. Geophys. Res.}
}

@article{mcpherron_1997,
   author = {{McPherron}, R. L.},
    title = "{The role of substorms in the generation of magnetic storms}",
  journal = {Washington DC American Geophysical Union Geophysical Monograph Series},
     year = 1997,
   volume = 98,
    pages = {131-147},
      doi = {10.1029/GM098p0131},
   adsurl = {http://adsabs.harvard.edu/abs/1997GMS....98..131M},
  adsnote = {Provided by the SAO/NASA Astrophysics Data System}
}

% =============================================================================
% ======================================================================== Menk
% =============================================================================

@incollection{menk_2011,
	doi = {10.1007/978-94-007-0501-2_13},
	url = {http://dx.doi.org/10.1007/978-94-007-0501-2_13},
	year = 2011,
	publisher = {Springer Science $\mathplus$ Business Media},
	pages = {223--256},
	author = {Frederick W. Menk},
	title = {Magnetospheric {ULF} Waves: A Review},
	booktitle = {The Dynamic Magnetosphere}
}

% =============================================================================
% ====================================================================== Motoba
% =============================================================================

@article{motoba_2015,
  author    = "Tetsue Motoba and Kazue Takahashi and Juan V. Rodriguez and Christopher T. Russell",
  title     = "Giant pulsations on the afternoonside: Geostationary satellite and ground observations",
  journal   = "J. Geophys. Res. Space Physics",
  volume    = "120",
  pages     = "8350-8367",
  year      = "2015",
  doi       = "10.1002/2015JA021592"
}

% =============================================================================
% ======================================================================== NASA
% =============================================================================

@online{nasa_cdaweb,
  author    = "NASA",
  title     = "Coordinated Data Analysis (Workshop) Web",
  url       = "http://cdaweb.gsfc.nasa.gov",
  urldate   = "2015-09-30"
}

@online{nasa_2012,
  author    = "NASA",
  title     = "Near Miss: The Solar Superstorm of July 2012",
  url       = "http://science.nasa.gov/science-news/science-at-nasa/2014/23jul_superstorm/",
  urldate   = "2016-02-28"
}

% =============================================================================
% ===================================================================== Nicolet
% =============================================================================

@article{nicolet_1953,
	doi = {10.1016/0021-9169(53)90110-x},
	url = {http://dx.doi.org/10.1016/0021-9169(53)90110-x},
	year = 1953,
	publisher = {Elsevier {BV}},
	volume = {3},
	number = {4},
	pages = {200--211},
	author = {Marcel Nicolet},
	title = {The collision frequency of electrons in the ionosphere},
	journal = {Journal of Atmospheric and Terrestrial Physics}
}

% =============================================================================
% ===================================================================== Nishida
% =============================================================================

@article{nishida_1964_impulses,
author = {Nishida, Atsuhiro and Cahill, Laurence J.},
title = {Sudden impulses in the magnetosphere observed by Explorer 12},
journal = {Journal of Geophysical Research},
volume = {69},
number = {11},
issn = {2156-2202},
url = {http://dx.doi.org/10.1029/JZ069i011p02243},
doi = {10.1029/JZ069i011p02243},
pages = {2243--2255},
year = {1964},
}

@article {nishida_1964_screening,
author = {Nishida, Atsuhiro},
title = {Ionospheric screening effect and storm sudden commencement},
journal = {Journal of Geophysical Research},
volume = {69},
number = {9},
issn = {2156-2202},
url = {http://dx.doi.org/10.1029/JZ069i009p01861},
doi = {10.1029/JZ069i009p01861},
pages = {1861--1874},
year = {1964},
}

% =============================================================================
% ======================================================================= Olson
% =============================================================================

@article{olson_1978,
  author    = "John V. Olson and Gordon Rostoker",
  title     = "Longitudinal phase variations of {Pc} 4-5 micropulsations",
  journal   = "J. Geophys. Res. Space Physics",
  volume    = "83",
  number    = "A6",
  doi       = "10.1029/JA083iA06p02481",
  pages     = "2481-2488",
  year      = "1978"
}

% =============================================================================
% ======================================================================= Ozeke
% =============================================================================

@article{ozeke_2001,
	doi = {10.1029/2000ja000393},
	url = {http://dx.doi.org/10.1029/2000ja000393},
	year = 2001,
	publisher = {Wiley-Blackwell},
	volume = {106},
	number = {A8},
	pages = {15583--15597},
	author = {L. G. Ozeke and I. R. Mann},
	title = {Modeling the properties of high-m {Alfv{\'e}n} waves driven by the drift-bounce resonance mechanism},
	journal = {J. Geophys. Res.}
}

@article{ozeke_2004,
	doi = {10.1029/2003ja010151},
	url = {http://dx.doi.org/10.1029/2003ja010151},
	year = 2004,
	publisher = {Wiley-Blackwell},
	volume = {109},
	number = {A5},
	author = {L. G. Ozeke},
	title = {Modeling the properties of guided poloidal {Alfv{\'e}n} waves with finite asymmetric ionospheric conductivities in a dipole field},
	journal = {J. Geophys. Res.}
}

@article{ozeke_2008,
  author    = "L. G. Ozeke and I. R. Mann",
  title     = "Energization of radiation belt electrons by ring current ion driven {ULF} waves",
  journal   = "J. Geophys. Res.",
  year      = "2008",
  volume    = "113",
  number    = "A2",
  doi       = "10.1029/2007ja012468",
}

@article{ozeke_2012,
  author    = "Louis G. Ozeke and Ian R. Mann and Kyle R. Murphy and I. Jonathan Rae and David K. Milling and Scot R. Elkington and Anthony A. Chan and Howard J. Singer",
  title     = "{ULF} wave derived radiation belt radial diffusion coefficients",
  journal   = "J. Geophys. Res.",
  year      = "2012",
  volume    = "117",
  number    = "A4",
  doi       = "10.1029/2011ja017463"
}

% =============================================================================
% =================================================================== Paschmann
% =============================================================================

@book{paschmann_2003, 
  title     = "Auroral Plasma Physics",
  editor    = "G{\"o}tz Paschmann and Stein Haaland and Rudolf Treumann",
  volume    = "15",
  year      = "2003",
  publisher = "Kluwer Academic Publishers",
  isbn      = "978-94-007-1086-3",
  doi       = "10.1007/978-94-007-1086-3"
}

% =============================================================================
% ===================================================================== Pesnell
% =============================================================================

@article{pesnell_2016,
	doi = {10.1002/2015sw001304},
	url = {http://dx.doi.org/10.1002/2015sw001304},
	year = 2016,
	publisher = {Wiley-Blackwell},
	volume = {14},
	number = {1},
	pages = {10--21},
	author = {William Dean Pesnell},
	title = {Predictions of Solar Cycle 24: How are we doing?},
	journal = {Space Weather}
}

% =============================================================================
% ===================================================================== Poulter
% =============================================================================

@article{poulter_1983,
  author    = "E. M. Poulter and W. Allan and E. Nielsen and K.-H. Glassmeier",
  title     = "Stare radar observations of a {PG} pulsation",
  journal   = "J. Geophys. Res.",
  year      = "1983",
  volume    = "88",
  number    = "A7",
  pages     = "5668",
  doi       = "10.1029/ja088ia07p05668"
}

@article{poulter_1984,
	doi = {10.1016/0032-0633(84)90132-6},
	url = {http://dx.doi.org/10.1016/0032-0633(84)90132-6},
	year = 1984,
	publisher = {Elsevier {BV}},
	volume = {32},
	number = {9},
	pages = {1069--1078},
	author = {E.M. Poulter and W. Allan and J.G. Keys and E. Nielsen},
	title = {Plasmatrough ion mass densities determined from {ULF} pulsation eigenperiods},
	journal = {Planetary and Space Science}
}

% =============================================================================
% ====================================================================== Proehl
% =============================================================================

@article{proehl_2002,
  author    = "Jeffrey A. Proehl and William Lotko and Igor Kouznetsov and Shireen D. Geimer",
  title     = "Ultralow-frequency magnetohydrodynamics in boundary-constrained geomagnetic flux coordinates",
  journal   = "J. Geophys. Res.",
  volume    = "107",
  number    = "A9",
  pages     = "1225",
  year      = "2002",
  doi       = "10.1029/2001JA000135"
}

% =============================================================================
% ===================================================================== Radoski
% =============================================================================

@article{radoski_1967_coords,
  author    = "Henry R. Radoski",
  title     = "A Note on Oscillating Field Lines",
  journal   = "J. Geophys. Res.",
  volume    = "72",
  number    = "1",
  year      = "1967",
  doi       = "10.1029/jz072i001p00418"
}

@article{radoski_1967_poloidal,
  author    = "Henry R. Radoski",
  title     = "Highly Asymmetric {MHD} Resonances: the Guided Poloidal Mode",
  journal   = "J. Geophys. Res.",
  volume    = "72",
  number    = "15",
  year      = "1967",
  doi       = "10.1029/jz072i015p04026"
}

@article{radoski_1967_toroidal,
  author    = "Henry R. Radoski and John F. McClay",
  title     = "The Hydromagnetic Toroidal Resonance",
  journal   = "J. Geophys. Res.",
  volume    = "72",
  number    = "19",
  year      = "1967",
  doi       = "10.1029/jz072i019p04899"
}

@article{radoski_1974,
  author    = "Henry R. Radoski",
  title     = "A Theory of Latitude Dependent Geomagnetic Micropulsations: The Asymptotic Fields",
  journal   = "J. Geophys. Res.",
  volume    = "79",
  year      = "1974",
  doi       = "10.1029/ja079i004p00595"
}

% =============================================================================
% ====================================================================== Rankin
% =============================================================================

@article{rankin_1999,
	doi = {10.1029/1999gl010715},
	url = {http://dx.doi.org/10.1029/1999gl010715},
	year = 1999,
	publisher = {Wiley-Blackwell},
	volume = {26},
	number = {24},
	pages = {3601--3604},
	author = {R. Rankin and J. C. Samson and V. T. Tikhonchuk},
	title = {Parallel electric fields in dispersive shear {Alfv{\'e}n} waves in the dipolar magnetosphere},
	journal = {Geophys. Res. Lett.}
}

% =============================================================================
% ======================================================================== Rolf
% =============================================================================

@article{rolf_1931,
	doi = {10.1029/te036i001p00009},
	url = {http://dx.doi.org/10.1029/te036i001p00009},
	year = 1931,
	publisher = {Wiley-Blackwell},
	volume = {36},
	number = {1},
	pages = {9},
	author = {Bruno Rolf},
	title = {Giant micropulsations at Abisko},
	journal = {J. Geophys. Res.}
}

% =============================================================================
% ==================================================================== Ronnmark
% =============================================================================

@article{ronnmark_2000,
  author    = "Kjell R{\"o}nnmark and Maria Hamrin",
  title     = "Auroral Electron acceleration by {Alfv{\'e}n} waves and electrostatic fields",
  journal   = "J. Geophys. Res.",
  volume    = "105",
  pages     = "25333-25344",
  year      = "2000",
  doi       = "10.1029/2000ja900103"
}

% =============================================================================
% ==================================================================== Rostoker
% =============================================================================

@article{rostoker_1979,
  author    = "Gordon Rostoker and Hing-Lan Lam and John V. Olson",
  title     = "{PC 4} giant pulsations in the morning sector",
  journal   = "J. Geophys. Res.",
  year      = "1979",
  volume    = "84",
  number    = "A9",
  pages     = "5153",
  doi       = "10.1029/ja084ia09p05153"
}

% =============================================================================
% ===================================================================== Russell
% =============================================================================

@article{russell_1983,
  author    = "C. T. Russell and J. G. Luhmann and T. J. Odera and W. F. Stuart",
  title     = "The rate of occurrence of dayside {Pc} 3,4 pulsations: The {L}-value dependence of the {IMF} cone angle effect",
  journal   = "Geophys. Res. Lett.",
  year      = "1983",
  volume    = "10",
  number    = "8",
  pages     = "663-666",
  doi       = "10.1029/gl010i008p00663",
}

% =============================================================================
% ====================================================================== Samimi
% =============================================================================

@article{samimi_2015,
	doi = {10.1109/tap.2014.2366203},
	url = {http://dx.doi.org/10.1109/tap.2014.2366203},
	year = 2015,
	publisher = "{IEEE}",
	volume = {63},
	number = {1},
	pages = {269--279},
	author = {Alireza Samimi and Jamesina J. Simpson},
	title = {An Efficient 3-D {FDTD} Model of Electromagnetic Wave Propagation in Magnetized Plasma},
	journal = {{IEEE} Trans. Antennas Propagat.}
}

% =============================================================================
% ====================================================================== Samson
% =============================================================================

@article{samson_1996,
	doi = {10.1029/96ja01086},
	url = {http://dx.doi.org/10.1029/96ja01086},
	year = 1996,
	publisher = {Wiley-Blackwell},
	volume = {101},
	number = {A8},
	pages = {17373--17383},
	author = {J. C. Samson and L. L. Cogger and Q. Pao},
	title = {Observations of field line resonances, auroral arcs, and auroral vortex structures},
	journal = {J. Geophys. Res.}
}

% =============================================================================
% ===================================================================== Sauvaud
% =============================================================================

@article {sauvaud_2013,
author = {Sauvaud, J.-A. and Walt, M. and Delcourt, D. and Benoist, C. and Penou, E. and Chen, Y. and Russell, C. T.},
title = {Inner radiation belt particle acceleration and energy structuring by drift resonance with ULF waves during geomagnetic storms},
journal = {Journal of Geophysical Research: Space Physics},
volume = {118},
number = {4},
issn = {2169-9402},
url = {http://dx.doi.org/10.1002/jgra.50125},
doi = {10.1002/jgra.50125},
pages = {1723--1736},
keywords = {Radiation belts, Energetic particles: trapped, radiation belt, ULF waves, Acceleration, transport},
year = {2013},
}

% =============================================================================
% ===================================================================== Sciffer
% =============================================================================

@article{sciffer_2002,
  author    = "M. D. Sciffer and C. L. Waters",
  title     = "Propagation of {ULF} waves through the ionosphere: Analytic solutions for oblique magnetic fields",
  journal   = "J. Geophys. Res. Space Physics",
  volume    = "107",
  number    = "A10",
  doi       = "10.1029/2001JA000184",
  pages     = "SIA 11-1",
  year      = "2002"
}

@article{sciffer_2004,
  author    = "M. D. Sciffer and C. L. Waters and F. W. Menk",
  title     = "Propagation of {ULF} waves through the ionosphere: Inductive effect for oblique magnetic fields",
  journal   = "Ann. Geophys.",
  year      = "2004",
  volume    = "22",
  number    = "4",
  pages     = "1155-1169",
  doi       = "10.5194/angeo-22-1155-2004"
}

% =============================================================================
% ====================================================================== Schulz
% =============================================================================

@book{schulz_1974,
	doi = {10.1007/978-3-642-65675-0},
	url = {http://dx.doi.org/10.1007/978-3-642-65675-0},
	year = 1974,
	publisher = {Springer Berlin Heidelberg},
	author = {Michael Schulz and Louis J. Lanzerotti},
	title = {Particle Diffusion in the Radiation Belts}
}

% =============================================================================
% ====================================================================== Sibeck
% =============================================================================

@article{sibeck_2012,
	doi = {10.1029/2011ja017473},
	url = {http://dx.doi.org/10.1029/2011ja017473},
	year = 2012,
	publisher = {Wiley-Blackwell},
	volume = {117},
	number = {A11},
	author = {D. G. Sibeck and G. Korotova and D. L. Turner and V. Angelopoulos and K.-H. Gla{\ss}meier and J. P. McFadden},
	title = {Frequency doubling and field-aligned ion streaming in a long-period poloidal pulsation},
	journal = {J. Geophys. Res.}
}

% =============================================================================
% ===================================================================== Simpson
% =============================================================================

@article{simpson_2004,
	doi = {10.1109/tap.2004.823953},
	url = {http://dx.doi.org/10.1109/tap.2004.823953},
	year = 2004,
	publisher = "{IEEE}",
	volume = {52},
	number = {2},
	pages = {443--451},
	author = {J.J. Simpson and A. Taflove},
	title = {Three-Dimensional {FDTD} Modeling of Impulsive {ELF} Propagation About the Earth-Sphere},
	journal = {{IEEE} Trans. Antennas Propagat.}
}

% =============================================================================
% ====================================================================== Singer
% =============================================================================

@article{singer_1982,
  author    = "H. J. Singer and W. J. Hughes and C. T. Russell",
  title     = "Standing hydromagnetic waves observed by {ISEE} 1 and 2: Radial extent and harmonic",
  journal   = "J. Geophys. Res.",
  year      = "1982",
  volume    = "87",
  number    = "A5",
  pages     = "3519",
  doi       = "10.1029/ja087ia05p03519"
}

% =============================================================================
% =================================================================== Southwood
% =============================================================================

@article{southwood_1974,
  author    = "D. J. Southwood",
  title     = "Some features of field line resonances in the magnetosphere",
  journal   = "Planetary and Space Science",
  year      = "1974",
  volume    = "22",
  number    = "3",
  pages     = "483-491",
  doi       = "10.1016/0032-0633(74)90078-6"
}

@article{southwood_1976,
  author    = "D. J. Southwood",
  title     = "A General Approach to Low-Frequency Instability in the Ring Current Plasma",
  journal   = "J. Geophys. Res.",
  volume    = "81",
  number    = "19",
  pages     = "3340-3348",
  year      = "1976",
  doi       = "10.1029/ja081i019p03340"
}

% =============================================================================
% ==================================================================== Stratton
% =============================================================================

@inproceedings{stratton_2012,
	doi = {10.1109/aero.2012.6187019},
	url = {http://dx.doi.org/10.1109/aero.2012.6187019},
	year = 2012,
	publisher = {Institute of Electrical {\&} Electronics Engineers ({IEEE})},
	author = {J. Stratton and N. J. Fox},
	title = {Radiation Belt Storm Probes ({RBSP}) mission overview},
	booktitle = {2012 {IEEE} Aerospace Conference}
}

% =============================================================================
% ================================================================== Sucksdorff
% =============================================================================

@article {sucksdorff_1939,
author = {Sucksdorff, E.},
title = {Giant pulsations recorded at Sodankylä during 1914–1938},
journal = {Terrestrial Magnetism and Atmospheric Electricity},
volume = {44},
number = {2},
issn = {0096-8013},
url = {http://dx.doi.org/10.1029/TE044i002p00157},
doi = {10.1029/TE044i002p00157},
pages = {157--170},
year = {1939},
}

% =============================================================================
% ===================================================================== Taflove
% =============================================================================

@article{taflove_1980,
	doi = {10.1109/temc.1980.303879},
	url = {http://dx.doi.org/10.1109/temc.1980.303879},
	year = 1980,
	publisher = "{IEEE}",
	volume = {{EMC}-22},
	number = {3},
	pages = {191--202},
	author = {Allen Taflove},
	title = {Application of the Finite-Difference Time-Domain Method to Sinusoidal Steady-State Electromagnetic-Penetration Problems},
	journal = "IEEE Trans. Electromagn. Compat."
}

% =============================================================================
% =================================================================== Takahashi
% =============================================================================

@article{takahashi_1984_spectrum,
	doi = {10.1029/ja089ia05p02770},
	url = {http://dx.doi.org/10.1029/ja089ia05p02770},
	year = 1984,
	publisher = {Wiley-Blackwell},
	volume = {89},
	number = {A5},
	pages = {2770},
	author = {Kazue Takahashi and Robert L. McPherron and Toshio Terasawa},
	title = {Dependence of the spectrum of Pc 3--4 pulsations on the interplanetary magnetic field},
	journal = {J. Geophys. Res.}
}

@article{takahashi_1984,
  author    = "K. Takahashi and R. L. McPherron",
  title     = "Standing hydromagnetic oscillations in the magnetosphere",
  journal   = "Planetary and Space Science",
  year      = "1984",
  volume    = "32",
  pages     = "1343-1359",
  doi       = ""
}

@article{takahashi_1987,
	doi = {10.1029/ja092ia06p05857},
	url = {http://dx.doi.org/10.1029/ja092ia06p05857},
	year = 1987,
	publisher = {Wiley-Blackwell},
	volume = {92},
	number = {A6},
	pages = {5857},
	author = {K. Takahashi and J. F. Fennell and E. Amata and P. R. Higbie},
	title = {Field-aligned structure of the storm time {Pc} 5 wave of November 14--15, 1979},
	journal = {J. Geophys. Res.}
}

@article{takahashi_1990,
  author    = "K. Takahashi and R. W. McEntire and A. T. Y. Lui and T. A. Potemra",
  title     = "Ion flux oscillations associated with a radially polarized transverse {Pc} 5 magnetic pulsation",
  journal   = "J. Geophys. Res.",
  year      = "1990",
  volume    = "95",
  number    = "A4",
  pages     = "3717",
  doi       = "10.1029/ja095ia04p03717"
}

@article{takahashi_1992,
  author    = "K. Takahashi and N. Sato and J. Warnecke and H. L{\''u}hr and H. E. Spence and Y. Tonegawa",
  title     = "On the standing wave mode of giant pulsations",
  journal   = "J. Geophys. Res. Space Physics",
  volume    = "97",
  number    = "A7",
  pages     = "10717-10732",
  year      = "1992",
  doi       = "10.1029/92JA00382"
}

@article{takahashi_2009,
  author    = "Kazue Takahashi and David Berube and Dong-Hun Lee and Jerry Goldstein and Howard J. Singer and Farideh Honary and Mark B. Moldwin",
  title     = "Possible evidence of virtual resonance in the dayside magnetosphere",
  journal   = "J. Geophys. Res.",
  year      = "2009",
  volume    = "114",
  number    = "A5",
  doi       = "10.1029/2008ja013898",
}

@article{takahashi_2010,
  author    = "Kazue Takahashi and John Bonnell and Karl-Heinz Glassmeier and Vassilis Angelopoulos and Howard J. Singer and Peter J. Chi and Richard E. Denton and Yukitoshi Nishimura and Dong-Hun Lee and Masahito Nos{\'e} and Wenlong Liu",
  title     = "Multipoint observation of fast mode waves trapped in the dayside plasmasphere",
  journal   = "J. Geophys. Res.",
  year      = "2010",
  volume    = "115",
  number    = "A12",
  doi       = "10.1029/2010ja015956"
}

@article{takahashi_2011,
  author    = "Kazue Takahashi and Karl-Heinz Glassmeier and Vassilis Angelopoulos and John Bonnell and Yukitoshi Nishimura and Howard J. Singer and Christopher T. Russell",
  title     = "Multisatellite observations of a giant pulsation event",
  journal   = "J. Geophys. Res.",
  volume    = "116",
  pages     = "A11223",
  year      = "2011",
  doi       = "10.1029/2011JA016955"
}

@article{takahashi_2013,
  author    = "Kazue Takahashi and Michael D. Hartinger and Vassilis Angelopoulos and Karl-Heinz Glassmeier and Howard J. Singer",
  title     = "Multispacecraft observations of fundamental poloidal waves without ground magnetic signatures",
  journal   = "J. Geophys. Res. Space Physics",
  volume    = "118",
  pages     = "4319-4334",
  year      = "2013",
  doi       = "10.1002/jgra.50405"
}

@article{takahashi_2015,
  author    = "Kazue Takahashi and Richard E. Denton and William Kurth and Craig Kletzing and John Wygant and John Bonnell and Lei Dai and Kyungguk Min and Charles W. Smith and Robert MacDowall",
  title     = "Externally driven plasmaspheric {ULF} waves observed by the {Van Allen Probes}",
  journal   = "J. Geophys. Res. Space Physics",
  year      = "2015",
  volume    = "120",
  number    = "1",
  pages     = "526-552",
  doi       = "10.1002/2014ja020373"
}

% =============================================================================
% ======================================================================= Tamao
% =============================================================================

@article{tamao_1965,
  author    = "Tsutomu Tamao",
  title     = "Transmission and Coupling Resonance of Hydromagnetic Disturbances in the Non-Uniform {Earth's} Magnetosphere",
  journal   = "Sci. Rept. Tohoku Univ.",
  series    = "5",
  volume    = "17",
  number    = "2",
  pages     = "43",
  year      = "1965",
  doi       = ""
}

% =============================================================================
% ==================================================================== Thompson
% =============================================================================

@article{thompson_1996,
	doi = {10.1029/95ja03622},
	url = {http://dx.doi.org/10.1029/95ja03622},
	year = 1996,
	publisher = {Wiley-Blackwell},
	volume = {101},
	number = {A3},
	pages = {5359--5369},
	author = {B. J. Thompson and R. L. Lysak},
	title = {Electron acceleration by inertial {Alfv{\'e}n} waves},
	journal = {J. Geophys. Res.}
}

@article{thompson_2001,
  author    = "S. M. Thompson and M. G. Kivelson",
  title     = "New evidence for the origin of giant pulsations",
  journal   = "J. Geophys. Res.",
  volume    = "106",
  number    = "A10",
  pages     = "21237-21253",
  year      = "2001",
  doi       = "10.1029/2001ja000026"
}

% =============================================================================
% ================================================================== Tikhonchuk
% =============================================================================

@article{tikhonchuk_2000,
	doi = {10.1063/1.874105},
	url = {http://dx.doi.org/10.1063/1.874105},
	year = 2000,
	publisher = {{AIP} Publishing},
	volume = {7},
	number = {6},
	pages = {2630},
	author = {V. T. Tikhonchuk and R. Rankin},
	title = {Electron kinetic effects in standing shear {Alfv{\'e}n} waves in the dipolar magnetosphere},
	journal = {Physics of Plasmas}
}

% =============================================================================
% =================================================================== Tsurutani
% =============================================================================

@article {tsurutani_2003,
author = {Tsurutani, B. T. and Gonzalez, W. D. and Lakhina, G. S. and Alex, S.},
title = {The extreme magnetic storm of 1–2 September 1859},
journal = {Journal of Geophysical Research: Space Physics},
volume = {108},
number = {A7},
issn = {2156-2202},
url = {http://dx.doi.org/10.1029/2002JA009504},
doi = {10.1029/2002JA009504},
keywords = {Ejecta, driver gases, and magnetic clouds, Magnetic storms and substorms, Auroral phenomena, Solar wind/magnetosphere interactions, solar flares, interplanetary CMEs, extreme magnetic storms, auroras, space weather},
year = {2003},
note = {1268},
}

% =============================================================================
% ========================================================================== Tu
% =============================================================================

@article{tu_2012,
  author    = "Weichao Tu and Scot R. Elkington and Xinlin Li and Wenlong Liu and J. Bonnell",
  title     = "Quantifying radial diffusion coefficients of radiation belt electrons based on global {MHD} simulation and spacecraft measurements",
  journal   = "J. Geophys. Res.",
  year      = "2012",
  volume    = "117",
  number    = "A10",
  doi       = "10.1029/2012ja017901",
}

% =============================================================================
% =================================================================== Ukhorskiy
% =============================================================================

@article{ukhorskiy_2005,
	doi = {10.1029/2005ja011017},
	url = {http://dx.doi.org/10.1029/2005ja011017},
	year = 2005,
	publisher = {Wiley-Blackwell},
	volume = {110},
	number = {A10},
	author = {A. Y. Ukhorskiy},
	title = {Impact of toroidal {ULF} waves on the outer radiation belt electrons},
	journal = {J. Geophys. Res.}
}

% =============================================================================
% ===================================================================== Vaivads
% =============================================================================

@article{vaivads_2001,
	doi = {10.5194/angeo-19-311-2001},
	url = {http://dx.doi.org/10.5194/angeo-19-311-2001},
	year = 2001,
	publisher = {Copernicus {GmbH}},
	volume = {19},
	number = {3},
	pages = {311--320},
	author = {A. Vaivads and W. Baumjohann and G. Haerendel and R. Nakamura and H. Kucharek and B. Klecker and M. R. Lessard and L. M. Kistler and T. Mukai and A. Nishida},
	title = {Compressional {Pc5} type pulsations in the morningside plasma sheet},
	journal = {Ann. Geophys.}
}

% =============================================================================
% ==================================================================== Veldkamp
% =============================================================================

@article{veldkamp_1960,
	doi = {10.1016/0021-9169(60)90146-x},
	url = {http://dx.doi.org/10.1016/0021-9169(60)90146-x},
	year = 1960,
	publisher = {Elsevier {BV}},
	volume = {17},
	number = {4},
	pages = {320--324},
	author = {J. Veldkamp},
	title = {A giant geomagnetic pulsation},
	journal = {Journal of Atmospheric and Terrestrial Physics}
}

% =============================================================================
% ===================================================================== Wanliss
% =============================================================================

@article {wanliss_2006,
author = {Wanliss, James A. and Showalter, Kristin M.},
title = {High-resolution global storm index: Dst versus SYM-H},
journal = {Journal of Geophysical Research: Space Physics},
volume = {111},
number = {A2},
issn = {2156-2202},
url = {http://dx.doi.org/10.1029/2005JA011034},
doi = {10.1029/2005JA011034},
pages = {n/a--n/a},
keywords = {Magnetic storms and substorms, General or miscellaneous, Magnetic storms, General or miscellaneous, Dst, geomagnetic indices, SYM-H},
year = {2006},
note = {A02202},
}

% =============================================================================
% ====================================================================== Waters
% =============================================================================

@article{waters_2008,
  author    = "C. L. Waters and M. D. Sciffer",
  title     = "Field line resonant frequencies and ionospheric conductance: Results from a 2-D {MHD} model",
  journal   = "J. Geophys. Res.",
  year      = "2008",
  volume    = "113",
  number    = "A5",
  doi       = "10.1029/2007ja012822"
}

@article{waters_2013,
  author    = "C. L. Waters and R. L. Lysak and M. D. Sciffer",
  title     = "On the coupling of fast and shear {Alfv{\'e}n} wave modes by the ionospheric {Hall} conductance",
  journal   = "Earth Planets Space",
  volume    = "65",
  pages     = "385-396",
  year      = "2013",
  doi       = "10.5047/eps.2012.08.002"
}

% =============================================================================
% =================================================================== Woodroffe
% =============================================================================

@article{woodroffe_2012,
  author    = "J. R. Woodroffe and R. L. Lysak",
  title     = "Ultra-low frequency wave coupling in the ionospheric {Alfv{\'e}n} resonator: Characteristics and implications for the interpretation of ground magnetic fields",
  journal   = "J. Geophys. Res.",
  volume    = "117",
  pages     = "A03223",
  year      = "2012",
  doi       = "10.1029/2011JA017057"
}

% =============================================================================
% ====================================================================== Wright
% =============================================================================

@article{wright_1999,
	doi = {10.1007/s00585-999-0868-9},
	url = {http://dx.doi.org/10.1007/s00585-999-0868-9},
	year = 1999,
	publisher = {Copernicus {GmbH}},
	volume = {17},
	number = {7},
	pages = {868--876},
	author = {D. M. Wright and T. K. Yeoman},
	title = {High-latitude {HF} Doppler observations of {ULF} waves: 2. Waves with small spatial scale sizes},
	journal = {Ann. Geophys.}
}

@article {wright_2001,
author = {Wright, D. M. and Yeoman, T. K. and Rae, I. J. and Storey, J. and Stockton-Chalk, A. B. and Roeder, J. L. and Trattner, K. J.},
title = {Ground-based and {Polar} spacecraft observations of a giant ({Pg}) pulsation and its associated source mechanism},
journal = {Journal of Geophysical Research: Space Physics},
volume = {106},
number = {A6},
issn = {2156-2202},
url = {http://dx.doi.org/10.1029/2001JA900022},
doi = {10.1029/2001JA900022},
pages = {10837--10852},
keywords = {Magnetosphere/ionosphere interactions, MHD waves and instabilities, Ring current},
year = {2001},
}

% =============================================================================
% ====================================================================== Wygant
% =============================================================================

@article {wygant_2002,
author = {Wygant, J. R. and Keiling, A. and Cattell, C. A. and Lysak, R. L. and Temerin, M. and Mozer, F. S. and Kletzing, C. A. and Scudder, J. D. and Streltsov, V. and Lotko, W. and Russell, C. T.},
title = {Evidence for kinetic {Alfv{\'e}n} waves and parallel electron energization at 4–6 {RE} altitudes in the plasma sheet boundary layer},
journal = {Journal of Geophysical Research: Space Physics},
volume = {107},
number = {A8},
issn = {2156-2202},
url = {http://dx.doi.org/10.1029/2001JA900113},
doi = {10.1029/2001JA900113},
pages = {SMP 24-1--SMP 24-15},
keywords = {Electric fields, Magnetotail boundary layers, MHD waves and instabilities, Auroral phenomena},
year = {2002},
}

﻿@article{wygant_2013,
author="Wygant, J. R.
and Bonnell, J. W.
and Goetz, K.
and Ergun, R. E.
and Mozer, F. S.
and Bale, S. D.
and Ludlam, M.
and Turin, P.
and Harvey, P. R.
and Hochmann, R.
and Harps, K.
and Dalton, G.
and McCauley, J.
and Rachelson, W.
and Gordon, D.
and Donakowski, B.
and Shultz, C.
and Smith, C.
and Diaz-Aguado, M.
and Fischer, J.
and Heavner, S.
and Berg, P.
and Malsapina, D. M.
and Bolton, M. K.
and Hudson, M.
and Strangeway, R. J.
and Baker, D. N.
and Li, X.
and Albert, J.
and Foster, J. C.
and Chaston, C. C.
and Mann, I.
and Donovan, E.
and Cully, C. M.
and Cattell, C. A.
and Krasnoselskikh, V.
and Kersten, K.
and Brenneman, A.
and Tao, J. B.",
title="The Electric Field and Waves Instruments on the Radiation Belt Storm Probes Mission",
journal="Space Science Reviews",
year="2013",
volume="179",
number="1",
pages="183--220",
issn="1572-9672",
doi="10.1007/s11214-013-0013-7",
url="http://dx.doi.org/10.1007/s11214-013-0013-7"
}

% =============================================================================
% ======================================================================== Yang
% =============================================================================

@article{yang_2010,
	doi = {10.1029/2009ja014542},
	url = {http://dx.doi.org/10.1029/2009ja014542},
	year = 2010,
	publisher = {Wiley-Blackwell},
	volume = {115},
	number = {A2},
	author = {B. Yang and Q.-G. Zong and Y. F. Wang and S. Y. Fu and P. Song and H. S. Fu and A. Korth and T. Tian and H. Reme},
	title = {Cluster observations of simultaneous resonant interactions of {ULF} waves with energetic electrons and thermal ion species in the inner magnetosphere},
	journal = {J. Geophys. Res.}
}

% =============================================================================
% ========================================================================= Yee
% =============================================================================

@article{yee_1966,
  doi       = "10.1109/TAP.1966.1138693",
  url       = "http://dx.doi.org/10.1109/TAP.1966.1138693",
  year      = "1966",
  publisher = "{IEEE}",
  volume    = "14",
  number    = "3",
  author    = "Kane Yee",
  title     = "Numerical solution of initial boundary value problems involving maxwell's equations in isotropic media",
  journal   = "IEEE Trans. Antennas Propagat.",
  page      = "302-307"
}

% =============================================================================
% ====================================================================== Yeoman
% =============================================================================

@article{yeoman_2001,
	doi = {10.5194/angeo-19-159-2001},
	url = {http://dx.doi.org/10.5194/angeo-19-159-2001},
	year = 2001,
	publisher = {Copernicus {GmbH}},
	volume = {19},
	number = {2},
	pages = {159--170},
	author = {T. K. Yeoman and D. M. Wright},
	title = {{ULF} waves with drift resonance and drift-bounce resonance energy sources as observed in artificially-induced {HF} radar backscatter},
	journal = {Ann. Geophys.}
}

% =============================================================================
% ======================================================================== Zong
% =============================================================================

@article{zong_2007,
  author    = "Q.-G. Zong and X.-Z. Zhou and X. Li and P. Song and S. Y. Fu and D. N. Baker and Z. Y. Pu and T. A. Fritz and P. Daly and A. Balogh and H. R{\'e}me",
  title     = "Ultralow frequency modulation of energetic particles in the dayside magnetosphere",
  journal   = "Geophys. Res. Lett.",
  year      = "2007",
  volume    = "34",
  number    = "12",
  doi       = "10.1029/2007gl029915"
}

@article{Zong_2009,
  author    = "Q.-G. Zong and X.-Z. Zhou and Y. F. Wang and X. Li and P. Song and D. N. Baker and T. A. Fritz and P. W. Daly and M. Dunlop and A. Pedersen",
  title     = "Energetic electron response to {ULF} waves induced by interplanetary shocks in the outer radiation belt",
  journal   = "J. Geophys. Res.",
  year      = "2009",
  volume    = "114",
  number    = "A10",
  doi       = "10.1029/2009ja014393",
}

