% %%%%%%%%%%%%%%%%%%%%%%%%%%%%%%%%%%%%%%%%%%%%%%%%%%%%%%%%%%%%%%%%%%%%%%%%%%%%%
% %%%%%%%%%%%%%%%%%%%%%%%%%%%%%%%%%%%%%%%%%%%%%%%%%%%%%%%%%%%%%%%%% Works Cited
% %%%%%%%%%%%%%%%%%%%%%%%%%%%%%%%%%%%%%%%%%%%%%%%%%%%%%%%%%%%%%%%%%%%%%%%%%%%%%

@article{dai_2015,
  author="Lei Dai and Kazue Takahashi and Robert Lysak and Chi Wang and John R. Wygant and Craig Kletzing and John Bonnell and Cynthia A. Cattell and Charles W. Smith and Robert J. MacDowall and Scott Thaller and Aaron Breneman and Xiangwei Tang and Xin Tao and Lunjin Chen",
  title="Storm time occurrence and spatial distribution of Pc4 poloidal ULF waves in the inner magnetosphere: A Van Allen Probes statistical study",
  journal="J. Geophys. Res. Space Physics",
  volume="120",
  pages="4748â€“4762",
  year="2015",
  doi="10.1002/2015JA021134"
}



